@book{Joseph1999,
author = {{Joseph L. Jones} and {Anita M. Flynn} and {Bruce A. Seiger}},
file = {:home/leticia/.local/share/data/Mendeley Ltd./Mendeley Desktop/Downloaded/Joseph L. Jones, Anita M. Flynn, Bruce A. Seiger - 1999 - Mobile Robots Inspiration to Implementation - Flynn and Jones.pdf:pdf},
isbn = {1-56881-097-0},
keywords = {Rob{\'{o}}tica M{\'{o}}vel},
mendeley-tags = {Rob{\'{o}}tica M{\'{o}}vel},
title = {{Mobile Robots Inspiration to Implementation - Flynn and Jones}},
year = {1999}
}