Automatically generated by Mendeley Desktop 1.19.8
Any changes to this file will be lost if it is regenerated by Mendeley.

BibTeX export options can be customized via Options -> BibTeX in Mendeley Desktop

@misc{Wessling2023,
author = {{Robotics Business Review}},
title = {{Over 150,000 picking robots to be installed by 2030}},
url = {https://www.roboticsbusinessreview.com/news/over-150000-picking-robots-to-be-installed-by-2030/},
urldate = {2023-05-02},
year = {2023}
}
@book{Thrun1999,
address = {Londres},
author = {Thrun, Sebastian and Burgard, Wolfram and Fox, Dieter},
file = {:home/leticia/.local/share/data/Mendeley Ltd./Mendeley Desktop/Downloaded/Thrun, Burgard, Fox - 2005 - Probabilistic Robotics.pdf:pdf},
isbn = {978-0-262-20162-9},
publisher = {The MIT Press},
title = {{Probabilistic Robotics}},
year = {2005}
}
@book{Joseph1999,
author = {{Joseph L. Jones} and {Anita M. Flynn} and {Bruce A. Seiger}},
file = {:home/leticia/.local/share/data/Mendeley Ltd./Mendeley Desktop/Downloaded/Joseph L. Jones, Anita M. Flynn, Bruce A. Seiger - 1999 - Mobile Robots Inspiration to Implementation - Flynn and Jones.pdf:pdf},
isbn = {1-56881-097-0},
keywords = {Rob{\'{o}}tica M{\'{o}}vel},
mendeley-tags = {Rob{\'{o}}tica M{\'{o}}vel},
title = {{Mobile Robots Inspiration to Implementation - Flynn and Jones}},
year = {1999}
}
@inproceedings{Murat2017,
abstract = {In this paper, design of an autonomous mobile robot (AMR) adapted for robot operating system (ROS) is presented by considering both the hardware architecture and electronic communication protocols. Initially the purpose of the robot has been determined, and then the required components to construct the robot have been obtained. After mounting the electronic and mechanic hardware components on the platform, the required interconnections, data exchange system and software have been installed. Then the required tests have been run on the platform and some solutions methods have been proposed for the problems encountered during the tests. The results obtained and experience gained in the design of the platform have been quite satisfactory and will be a guiding light for future works.},
author = {K{\"{o}}seoǧlu, Murat and {\c{C}}elik, Orkan Murat and Pektaş, {\"{O}}mer},
booktitle = {IDAP 2017 - International Artificial Intelligence and Data Processing Symposium},
doi = {10.1109/IDAP.2017.8090199},
file = {:home/leticia/.local/share/data/Mendeley Ltd./Mendeley Desktop/Downloaded/K{\"{o}}seoǧlu, {\c{C}}elik, Pektaş - 2017 - Design of an autonomous mobile robot based on ROS.pdf:pdf},
isbn = {9781538618806},
keywords = {Autonomous mobile robot (AMR),Embedded,Light detection and ranging (LIDAR),Robot operating system (ROS),Simultaneous localization and mapping (SLAM)},
month = {oct},
publisher = {Institute of Electrical and Electronics Engineers Inc.},
title = {{Design of an autonomous mobile robot based on ROS}},
year = {2017}
}
@phdthesis{Klaser2014,
address = {S{\~{a}}o Carlos},
author = {Klaser, Rafael Luiz},
file = {:home/leticia/.local/share/data/Mendeley Ltd./Mendeley Desktop/Downloaded/Klaser - 2014 - Navega{\c{c}}{\~{a}}o de ve{\'{i}}culos aut{\^{o}}nomos em ambientes externos n{\~{a}}o estruturados baseada em vis{\~{a}}o computacional.pdf:pdf},
school = {Mestrado em Ci{\^{e}}ncias, Instituto de Ci{\^{e}}ncias Matem{\'{a}}ticas e de Computa{\c{c}}{\~{a}}o da Universidade de S{\~{a}}o Paulo},
title = {{Navega{\c{c}}{\~{a}}o de ve{\'{i}}culos aut{\^{o}}nomos em ambientes externos n{\~{a}}o estruturados baseada em vis{\~{a}}o computacional}},
type = {Disserta{\c{c}}{\~{a}}o (Mestre em Ci{\^{e}}ncias - Ci{\^{e}}ncias de Computa{\c{c}}{\~{a}}o e Matem{\'{a}}tica Computacional)},
url = {https://www.teses.usp.br/teses/disponiveis/55/55134/tde-22092014-0},
year = {2014}
}
@misc{Carmen2021,
author = {{Forbes Brasil}},
title = {7 tend{\^{e}}ncias do mercado de rob{\'{o}}tica para a pr{\'{o}}xima d{\'{e}}cada},
url = {https://forbes.com.br/forbes-tech/2021/09/7-tendencias-do-mercado-de-robotica-para-a-proxima-decada/},
year = {2021}
}
